<record><leader>00000cas a2200000 a 4500</leader><controlfield tag="001">9237931</controlfield><controlfield tag="008">830218c19829999aluwr ne      0    0eng d</controlfield><controlfield tag="009">483</controlfield><datafield ind1=" " ind2=" " tag="010"><subfield code="a">sn 86050139 </subfield></datafield><datafield ind1=" " ind2=" " tag="040"><subfield code="a">AAA</subfield><subfield code="b">eng</subfield><subfield code="c">AAA</subfield><subfield code="d">CPN</subfield><subfield code="d">OCL</subfield><subfield code="d">OCLCQ</subfield></datafield><datafield ind1=" " ind2=" " tag="042"><subfield code="a">msc</subfield></datafield><datafield ind1="0" ind2="4" tag="245"><subfield code="a">The Randolph leader.</subfield></datafield><datafield ind1=" " ind2=" " tag="260"><subfield code="a">Roanoke, Ala. :</subfield><subfield code="b">David S. Stevenson,</subfield><subfield code="c">1982-</subfield></datafield><datafield ind1=" " ind2=" " tag="300"><subfield code="a">v. :</subfield><subfield code="b">ill. ;</subfield><subfield code="c">58 cm.</subfield></datafield><datafield ind1=" " ind2=" " tag="310"><subfield code="a">Weekly</subfield></datafield><datafield ind1="0" ind2=" " tag="362"><subfield code="a">Vol. 91, no. 1 (Oct. 6, 1982)-</subfield></datafield><datafield ind1=" " ind2=" " tag="752"><subfield code="a">United States</subfield><subfield code="b">Alabama</subfield><subfield code="c">Randolph</subfield><subfield code="d">Roanoke.</subfield></datafield><datafield ind1="0" ind2="4" tag="780"><subfield code="t">Roanoke leader</subfield><subfield code="w">(DLC)sn 86050137</subfield></datafield><datafield ind1="0" ind2="4" tag="780"><subfield code="t">Randolph press</subfield><subfield code="w">(DLC)sn 86050138</subfield></datafield></record>